@misc{baker2024,
  author = {Baker, K.},
  title = {The Ultimate Guide to Content Marketing in 2024},
  year = {2024},
  url = {https://blog.hubspot.com/marketing/content-marketing},
}

@article{balasubramanian1994,
  author = {Balasubramanian, S. K.},
  title = {Beyond Advertising and Publicity: Hybrid Messages and Public Policy Issues},
  journal = {Journal of Advertising},
  volume = {23},
  number = {4},
  pages = {29--46},
  year = {1994},
}

@article{beckert2020,
  author = {Beckert, J. and Koch, T. and Viererbl, B. and Denner, N. and Peter, C.},
  title = {Advertising in disguise? How disclosure and content features influence the effects of native advertising},
  journal = {Communications},
  volume = {45},
  number = {3},
  pages = {303--324},
  year = {2020},
}

@book{bloomstein2012,
  author = {Bloomstein, M.},
  title = {Content Strategy at Work},
  year = {2012},
  publisher = {Elsevier},
  address = {Waltham, MA},
}

@article{campbell2015,
  author = {Campbell, C. and Marks, L. J.},
  title = {Good native advertising isn’t a secret},
  journal = {Business Horizons},
  volume = {58},
  number = {6},
  pages = {599--606},
  year = {2015},
}

@inproceedings{chen2015,
  author = {Chen, Yimin and Conroy, Niall J. and Rubin, Victoria L.},
  title = {Misleading Online Content: Recognizing Clickbait as “False News”},
  booktitle = {Proceedings of the 2015 ACM on Workshop on Multimodal Deception Detection},
  pages = {15--19},
  year = {2015},
  publisher = {ACM},
}

@article{cole2013,
  author = {Cole, J. T. and Greer, J. D.},
  title = {Audience Response to Brand Journalism: The Effect of Frame, Source, and Involvement},
  journal = {Journalism \& Mass Communication Quarterly},
  volume = {90},
  number = {4},
  pages = {673--690},
  year = {2013},
}

@misc{cmi2023,
  author = {Content Marketing Institute},
  title = {What Is Content Marketing?},
  url = {https://contentmarketinginstitute.com/what-is-content-marketing/},
  note = {n. d.},
}

@misc{crook2022,
  author = {Crook, I.},
  title = {Native Advertising vs Content Marketing. What's the difference?},
  year = {2022},
  url = {https://www.nativeadvertisinginstitute.com/blog/difference-between-native-advertising-and-content-marketing},
  note = {February 15},
}

@book{dietrich2014,
  author = {Dietrich, G.},
  title = {Spin Sucks: Communication and Reputation Management in the Digital Age},
  year = {2014},
  publisher = {Que Publishing},
}

@inproceedings{duplessis2015a,
  author = {Du Plessis, C.},
  title = {Academic guidelines for content marketing: research-based recommendations for better practice},
  booktitle = {ECSM2015 - Proceedings of the 2nd European Conference on Social Media 2015},
  pages = {122},
  year = {2015},
}

@inproceedings{duplessis2015b,
  author = {Du Plessis, C.},
  title = {An exploratory analysis of essential elements of content marketing},
  booktitle = {Proceedings of The 2nd European Conference on Social Media},
  editor = {Mesquita, A. and Peres, P.},
  pages = {122--129},
  year = {2015},
  publisher = {ACAD CONFERENCES LTD},
}

@article{duplessis2022,
  author = {Du Plessis, C.},
  title = {A Scoping Review of the Effect of Content Marketing on Online Consumer Behavior},
  journal = {Sage Open},
  volume = {12},
  number = {2},
  year = {2022},
}

@misc{emarketer2023,
  author = {E-marketer},
  title = {US Native Ad Spending, 2019-2023},
  year = {2023},
  url = {https://www.insiderintelligence.com/chart/261233/US-Native-Ad-Spending-2019-2023-billions-change-of-total-display-ad-spending},
}

@book{foxall2007,
  author = {Foxall, G. R. and Goldsmith, R. E. and Brown, S.},
  title = {Psihologija potrošnje u marketingu},
  year = {2007},
  publisher = {Naklada Slap},
  address = {Zagreb},
}

@book{furedi1997,
  author = {Furedi, F.},
  title = {Culture of Fear: Risk-taking and the Morality of Low Expectation},
  year = {1997},
  publisher = {Continuum},
}

@book{halligan2010,
  author = {Halligan, B. and Shah, D.},
  title = {Inbound Marketing},
  year = {2010},
  publisher = {Wiley},
  address = {Hoboken, NJ},
}

@book{halvorson2012,
  author = {Halvorson, K. and Rach, M.},
  title = {Content Strategy for the Web},
  year = {2012},
  publisher = {New Riders},
  address = {Berkeley, CA},
}

@book{handley2011,
  author = {Handley, A. and Chapman, C. C.},
  title = {Content Rules},
  year = {2011},
  publisher = {Wiley},
  address = {Hoboken, NJ},
}

@article{ho2020,
  author = {Ho, J. and Pang, C. and Choy, C.},
  title = {Content marketing capability building: a conceptual framework},
  journal = {Journal of Research in Interactive Marketing},
  volume = {14},
  number = {1},
  pages = {133--151},
  year = {2020},
}

@article{holliman2014,
  author = {Holliman, G. and Rowley, J.},
  title = {Business to business digital content marketing: marketers’ perceptions of best practice},
  journal = {Journal of Research in Interactive Marketing},
  volume = {8},
  number = {4},
  pages = {269--293},
  year = {2014},
}

@article{howe2014,
  author = {Howe, P. and Teufel, B.},
  title = {Native advertising and digital natives: The effects of age and advertisement format on news website credibility judgments},
  journal = {ISOJ},
  volume = {4},
  number = {1},
  pages = {78--90},
  year = {2014},
}

@misc{iab2019,
  author = {Interacting Advertising Bureau (IAB)},
  title = {Native advertising playbook 2.0},
  year = {2019},
  url = {https://www.iab.com/wp-content/uploads/2019/05/IAB-Native-Advertising-Playbook-2_0_Final.pdf},
}

@book{jefferson2015,
  author = {Jefferson, S. and Tanton, S.},
  title = {Valuable Content Marketing},
  year = {2015},
  publisher = {Kogan Page},
  address = {London},
}

@article{jung2018,
  author = {Jung, A. and Heo, J.},
  title = {Ad Disclosure vs. Ad Recognition: How Persuasion Knowledge Influences Native Advertising Evaluation},
  journal = {Journal of Interactive Advertising},
  volume = {19},
  number = {1},
  pages = {9--14},
  year = {2018},
}

@book{kesic2003,
  author = {Kesić, T.},
  title = {Integrirana marketinška komunikacija},
  year = {2003},
  publisher = {Opinio d.o.o.},
  address = {Zagreb},
}

@article{kim2017,
  author = {Kim, J.},
  title = {Native Advertising: Current Status and Research Agenda},
  journal = {Journal of Interactive Advertising},
  volume = {17},
  number = {2},
  pages = {79},
  year = {2017},
}

@misc{kloot2022,
  author = {Kloot, L.},
  title = {Top Native Advertising Statistics for 2022},
  year = {2022},
  url = {https://www.outbrain.com/blog/native-advertising-statistics/},
  note = {May 12},
}

@article{koiso2004,
  author = {Koiso-Kanttila, N.},
  title = {Digital content marketing: a literature synthesis},
  journal = {Journal of Marketing Management},
  volume = {20},
  number = {1-2},
  pages = {45--65},
  year = {2004},
}

@article{krouwer2020,
  author = {Krouwer, S. and Poels, K. and Paulussen, S.},
  title = {Moving Towards Transparency for Native Advertisements on News Websites: A Test of More Detailed Disclosures},
  journal = {International Journal of Advertising},
  volume = {39},
  number = {1},
  pages = {51--73},
  year = {2020},
}

@book{lindstrom2008,
  author = {Lindstrom, M.},
  title = {Buyology: Truth and lies about why we buy},
  year = {2008},
  publisher = {Doubleday},
}

@article{macnamara2014,
  author = {Macnamara, J.},
  title = {Journalism–PR relations revisited: The good news, the bad news, and insights into tomorrow's news},
  journal = {Public Relations Review},
  volume = {40},
  number = {5},
  pages = {739--750},
  year = {2014},
}

@article{macnamara2016,
  author = {Macnamara, J. and Lwin, M. and Adi, A. and Zerfass, A.},
  title = {‘PESO’ media strategy shifts to ‘SOEP’: Opportunities and ethical dilemmas},
  journal = {Public Relations Review},
  volume = {42},
  number = {3},
  pages = {377--385},
  year = {2016},
}

@inbook{maskalan2014,
  author = {Maskalan, A.},
  title = {O strahu: od apokaliptične budućnosti do utopijske sadašnjosti},
  booktitle = {Identitet i kultura},
  editor = {Labus, M. and Veljak, L. and Maskalan, A. and Adamović, M.},
  pages = {77--102},
  year = {2014},
  publisher = {Institut za društvena istraživanja},
  address = {Zagreb},
}

@misc{nielsen2015,
  author = {Nielsen},
  title = {Global trust in advertising: Winning strategies for an evolving landscape},
  year = {2015},
  url = {https://www.nielsen.com/wp-content/uploads/sites/2/2019/04/global-trust-in-advertising-report-sept-2015-1.pdf},
}

@article{opreana2015,
  author = {Opreana, A. and Vinerean, S.},
  title = {A New Development in Online Marketing: Introducing Digital Inbound Marketing},
  journal = {Expert Journal of Marketing},
  volume = {3},
  number = {1},
  pages = {29--34},
  year = {2015},
}

@article{patrutiu2015,
  author = {Patrutiu Baltes, L.},
  title = {Content marketing - the fundamental tool of digital marketing},
  journal = {Bulletin of the Transilvania University of Braşov. Series V: Economic Sciences},
  volume = {8},
  number = {2},
  pages = {111--118},
  year = {2015},
}

@misc{perusko2023,
  author = {Peruško, Z.},
  title = {Croatia: Reuters Institute for the Study of Journalism},
  year = {2023},
  url = {https://reutersinstitute.politics.ox.ac.uk/digital-news-report/2023/croatia},
}

@book{pulizzi2014,
  author = {Pulizzi, J.},
  title = {Epic Content Marketing. How to tell a different story, break through the clutter, and win more customers by marketing less},
  year = {2014},
  publisher = {McGraw Hill Education},
}

@book{pulizzi2023,
  author = {Pulizzi, J. and Piper},
  title = {Epic Content Marketing. Break through the clutter with a different story, get the most out of your content, and build a community in web3},
  year = {2023},
  publisher = {McGraw Hill Education},
}

@article{rios2016,
  author = {Ríos, A.},
  title = {The Impact of the Digital Revolution in the Development of Market and Communication Strategies for the Luxury Sector (Fashion Luxury)},
  journal = {Central European Business Review},
  volume = {5},
  pages = {17--36},
  year = {2016},
}

@article{rowley2008,
  author = {Rowley, J.},
  title = {Understanding digital content marketing},
  journal = {Journal of Marketing Management},
  volume = {24},
  number = {5-6},
  pages = {517--540},
  year = {2008},
}

@article{taiminen2015,
  author = {Taiminen, K. and Luoma-aho, V. and Tolvanen, K.},
  title = {The transparent communicative organization and new hybrid forms of content},
  journal = {Public Relations Review},
  volume = {41},
  number = {5},
  pages = {734--743},
  year = {2015},
}

@article{trbusic2024,
  author = {Trbušić, D. and Maleš, D. and Šikić, L.},
  title = {Obilježja nativnog oglašavanja na najčitanijim hrvatskim internetskim portalima},
  journal = {Medijska istraživanja},
  volume = {30},
  number = {1},
  pages = {153--176},
  year = {2024},
}

@article{tutaj2012,
  author = {Tutaj, K. and Van Reijmersdal, E. A.},
  title = {Effects of online advertising format and persuasion knowledge on audience reactions},
  journal = {Journal of Marketing Communications},
  volume = {18},
  number = {1},
  pages = {5--18},
  year = {2012},
}

@article{vercic2016,
  author = {Verčič, D. and Tkalac Verčič, A.},
  title = {The new publicity: From reflexive to reflective mediatisation},
  journal = {Public Relations Review},
  volume = {42},
  number = {4},
  pages = {493--498},
  year = {2016},
}

@book{vibrant2020,
  author = {Vibrant Publishers},
  title = {Digital Marketing. Essentials You Always Wanted to Know},
  year = {2020},
  publisher = {Vibrant Publishers},
}

@article{vinerean2017,
  author = {Vinerean, S.},
  title = {Content Marketing Strategy. Definition, Objectives and Tactics},
  journal = {Expert Journal of Marketing},
  volume = {5},
  number = {2},
  pages = {92--98},
  year = {2017},
}

@article{wang2017,
  author = {Wang, Y. and Li, Y.},
  title = {Understanding “Native Advertising” from the Perspective of Communication Strategies},
  journal = {Journal of Promotion Management},
  volume = {23},
  number = {6},
  pages = {913--929},
  year = {2017},
}

@article{wojdynski2016,
  author = {Wojdynski, B. W. and Evans, N. J.},
  title = {Going Native: Effects of Disclosure Position and Language on the Recognition and Evaluation of Online Native Advertising},
  journal = {Journal of Advertising},
  volume = {45},
  number = {2},
  pages = {157--168},
  year = {2016},
}

@article{wu2021,
  author = {Wu, L. and Overton, H.},
  title = {Is native advertising effective for corporate social responsibility messaging? How advertising recognition affects consumer responses to proactive versus reactive csr},
  journal = {Journal of Advertising Research},
  volume = {61},
  number = {4},
  pages = {382--396},
  year = {2021},
}

@book{wuebben2011,
  author = {Wuebben, J.},
  title = {Content is Currency},
  year = {2011},
  publisher = {Nicholas Brealey},
  address = {Boston, MA},
}

